@article{autoCol,
author = {B Arp, T and A Hagedorn, C and Schlamminger, Stephan and H Gundlach, J},
year = {2013},
month = {09},
pages = {095007},
title = {A reference-beam autocollimator with nanoradian sensitivity from mHz to kHz and dynamic range of 10(7.)},
volume = {84},
journal = {The Review of scientific instruments},
doi = {10.1063/1.4821653}
}